@misc{krajcovic_diagram,
  author = {Ondrej Kraj훾ovi훾},
  title = {Diagram_MIP_prez},
  year = {2023},
  note = {Diagram\_MIP\_prez.png}
}

@misc{krajcovic_metadata,
  author = {Ondrej Kraj훾ovi훾},
  title = {metadata},
  year = {2023},
  note = {metadata.png}
}

@misc{openai_clip,
  author = {OpenAI},
  title = {CLIP},
  year = {2021},
  note = {clip.png}
}