% názov súboru je: literatura.bib
@misc{primarny,
	author = "Alec Radford, Jong Wook Kim, Chris Hallacy, Aditya Ramesh, Gabriel Goh, Sandhini Agarwal, Girish Sastry, Amanda Askell, Pamela Mishkin, Jack Clark, Gretchen Krueger, Ilya Sutskever",
	title = "Learning Transferable Visual Models From Natural Language Supervision",
	howpublished = "\url{https://arxiv.org/pdf/2103.00020v1.pdf}",
}

@misc{openai_clip,
	author = "Alec Radford, Ilya Sutskever, Jong Wook Kim, Gretchen Krueger, Sandhini Agarwal",
	title = "CLIP: Connecting Text, Images",
	howpublished = "\url{https://openai.com/research/clip/}",
}
@misc{zdroj1,
	author = "Shih-Fu Chang, Wei-Ying Ma, Arnold Smeulders",
	title = "RECENT ADVANCES AND CHALLENGES OF SEMANTIC IMAGE/VIDEO SEARCH",
	howpublished = "\url{https://www.ee.columbia.edu/ln/dvmm/publications/07/chang-smeulder-survey.pdf}",
}

@misc{zdroj2,
	author = "Chenxi Liu, Liang-Chieh Chen, Florian Schroff, Hartwig Adam, Wei Hua, Alan Yuille, Li Fei-Fei",
	title = "Auto-DeepLab: Hierarchical Neural Architecture Search for Semantic Image Segmentation",
	howpublished = "\url{https://openaccess.thecvf.com/content_CVPR_2019/papers/Liu_Auto-DeepLab_Hierarchical_Neural_Architecture_Search_for_Semantic_Image_Segmentation_CVPR_2019_paper.pdf}",
}

@misc{zdroj3,
	author = "Shabaz Basheer Patel, Anand Sampat",
	title = "Semantic Image Search Using Queries",
	howpublished = "\url{http://www.sei.cmu.edu/productlines/frame_report/}",
}

@misc{zdroj4,
	author = "Artem Babenko, Anton Slesarev, Alexandr Chigorin, Victor Lempitsky",
	title = "Neural Codes for Image Retrieval",
	howpublished = "\url{https://arxiv.org/pdf/1404.1777.pdf}",
}

@misc{zdroj5,
	author = "Ying Liu, Dengsheng Zhang, Guojun Lu, Wei-Ying Ma",
	title = "A Survey of Content-Based Image Retrieval With High-Level Semantics",
	howpublished = "\url{https://www.sciencedirect.com/science/article/abs/pii/S0031320306002184}",
}

@misc{brain,
	author = "Guohua Shen ,Tomoyasu Horikawa ,Kei Majima ,Yukiyasu Kamitani ",
	title = "Deep image reconstruction from human brain activity",
	howpublished = "\url{https://journals.plos.org/ploscompbiol/article?id=10.1371/journal.pcbi.1006633}",
}
%todo: pridaj referencie na ocislovane zdroje do .tex

